2545 3423
1104 114 1392 164 ...5-

119 251 387 310 {dplex-est,
411 264 514 303 nna,
541 251 577 292 si
604 251 697 306 quid
724 255 812 302 est,
840 249 992 300 altera,
1020 248 1054 289 si
1082 249 1306 301 cogitatur,
1337 249 1402 290 cui
1429 251 1594 291 accedit
1620 250 1765 300 tertia,
1802 262 1906 303 quae
1932 262 2030 302 pars
2057 252 2213 288 tantum
2240 248 2386 301 prioris

118 342 213 389 nt,
237 339 279 379 ,si
312 351 394 393 qna
426 350 496 378 res
530 339 599 376 est
634 334 815 388 quidem,
850 334 922 373 sed
959 332 1098 372 addita
1134 331 1401 384 exceptione,
1439 334 1545 387 quod
1581 334 1711 386 ipsum
1748 334 1898 387 duplex
1934 346 2029 372 esse
2066 335 2228 384 potest,
2263 344 2383 385 quum

116 419 310 473 exceptio
342 419 495 459 autad
521 416 721 457 hominem
754 420 827 456 aut
854 417 921 455 ad‘
934 430 1020 456 rem
1047 413 1263 455 referenda
1290 429 1385 455 esse
1415 416 1566 467 possit,
1601 415 1660 455 ita
1694 419 1739 455 ut
1758 416 1924 456 ,omnino
1952 419 2123 469 quatuor
2150 412 2382 453 efficiantur

113 502 338 551 mbae-3
356 502 411 541 ad
444 513 545 554 quas
582 499 871 551 significandas
897 505 1068 553 quatuor
1096 498 1151 539 sit
1177 511 1279 550 opus
1306 498 1457 547 modis,
1496 510 1588 538 cum
1617 512 1690 547 ea,
1727 512 1830 551 quae
1858 499 1959 547 sint,
1996 497 2239 545 indicativo,
2279 509 2383 550 quae

116 583 374 638 Qtentnr,
399 581 603 634 optativo,
639 595 744 635 quae
772 573 835 621 ex*
852 581 1012 621 homine
1039 581 1264 632 pendeant,
1301 580 1564 632 imperativo,
1601 594 1704 634 quae
1733 593 1787 619 ex
1814 594 1885 629 re,
1922 579 2179 631 conjunctivo
2208 577 2382 618 efferan-

110 669 217 708 ίαν
242 663 401 707 Novum
427 667 564 704 autem
592 665 789 716 ejusmodi
817 662 1089 712 enuntiatum,
1125 662 1233 716 quod
1258 661 1375 706 simul
1403 663 1631 710 continetur
1668 661 1875 704 enuntiato
1904 662 2058 717 aliquo,
2093 666 2256 715 tempus
2283 673 2381 716 quo·

110 754 202 805 qne?
222 745 338 790 verbi
372 749 452 787 est.
479 777 497 786 .,
515 746 636 788 Nulla
670 748 829 802 quidem
864 747 1023 787 omnino
1061 756 1130 785 ree
1165 748 1252 796 est,
1291 758 1394 800 quae
1433 751 1616 802 tempore
1655 749 1798 803 careat
1834 758 1886 787 ac
1916 746 2031 797 loco,
2066 746 2201 801 itaque
2228 756 2281 785 ne
2309 742 2381 785 illa

38 828 50 855 ⁴¹
109 832 271 888 quidem
304 831 518 872 verborum
556 830 811 886 conjunctio,
846 843 926 883 qua
962 828 1236 878 enuntiamffl,
1275 842 1379 882 qnae
1397 831 1608 877 volumus.
1674 808 1823 871 Pbotest
1860 829 2069 870 vocabulis
2106 827 2379 881 singularibus

109 913 449 968 addi,„ndtqued
474 916 634 968 tempus
660 917 706 953 et
732 914 784 952 ad
811 925 940 965 quemv
958 911 1091 951 locum
1119 912 1624 974 conjunctio-‚pertineabs
1655 911 1741 954 Sed
1770 913 2110 967 ⁴quemadmodum
2141 910 2376 962 conjunctio

106 996 201 1050 ἱιιίαΙ
222 995 959 1053 non-novofvoeabulasignificatur,
995 992 1439 1044 sed,cpnformatione;
1456 995 1826 1052 quadamreorum,
1866 1010 1970 1049 quae
1997 996 2159 1036 nomina
2186 998 2280 1033 sunt
2306 1006 2373 1060 re·

104 1076 519 1131 ambutemus&
552 1080 712 1130 tempus
748 1090 904 1132 quoque
940 1089 997 1118 ex
1022 1074 1222 1118 varietate
1257 1077 1433 1130 quadam
1466 1078 1585 1129 hujus
1605 1077 1953 1118 conformationis
1989 1077 2258 1129 perspicitur,
2290 1074 2372 1115 loci

102 1160 270 1213 nuntio,
296 1163 344 1202 nt
366 1171 450 1201 non
472 1160 723 1210 necessaria,
752 1159 961 1201 omittitur.
1014 1157 1439 1221 Accuratioriantem
1465 1138 1659 1220 temporis
1689 1160 1920 1201 discrimine
1948 1173 2026 1199 non
2053 1158 2130 1198 nisi
2157 1158 2196 1198 in
2218 1156 2372 1197 indica-

102 1241 189 1301 tivo
205 1251 316 1297 {opus
343 1246 433 1293 est,
468 1242 508 1284 in
535 1242 613 1294 iia,
643 1253 746 1297 quae,
772 1246 886 1293 sunt,
924 1242 1011 1283 sive
1039 1240 1118 1288 hoc
1143 1240 1321 1294 pertinet
1348 1243 1401 1284 sd
1428 1255 1647 1297 praesens,
1681 1242 1768 1283 sive
1796 1244 1859 1282 ad·
1874 1241 2166 1296 praeteritum,
2202 1240 2289 1280 sive
2316 1238 2371 1280 nd

66 1303 69 1306 -
102 1323 282 1369 fiturum
316 1329 500 1379 tempus3
537 1326 576 1367 in
613 1325 685 1375 iis,
721 1338 826 1380 quae
859 1328 931 1365 aut
969 1323 1223 1376 cogitantur,
1255 1328 1328 1364 aut
1365 1325 1526 1366 aliunde
1568 1326 1770 1379 pendent,
1807 1325 1967 1365 omnino
2002 1337 2082 1364 non
2119 1328 2185 1364 est
2220 1334 2372 1375 magna

100 1408 298 1462 tmesis
339 1407 534 1448 varietas.
615 1407 758 1461 ltaque
800 1407 836 1447 si
880 1392 1130 1460 quaerimus,
1173 1418 1230 1446 ex
1271 1406 1414 1460 quibus
1456 1409 1639 1461 partibus
1686 1411 1950 1459 componatur
2001 1407 2132 1446 oratio
2176 1407 2367 1455 humana,

100 1489 237 1530 omnis
278 1502 306 1529 a
338 1491 499 1533 nomine
533 1491 714 1530 oriuntur
749 1491 971 1544 eodemque
1009 1491 1191 1530 redeunt.
1266 1491 1440 1538 Nomina
1479 1492 1679 1544 quaedam
1714 1491 1839 1543 lplura
1873 1490 2122 1543 pauciorum
2168 1490 2207 1529 in
2244 1502 2366 1529 unum

98 1571 214 1626 quasi
238 1584 386 1612 nomen
414 1574 727 1625 conjunguntur,
764 1572 804 1612 in
837 1570 1117 1619 brevissimum
1150 1571 1365 1614 verborum
1400 1587 1569 1626 corpus,
1604 1573 1849 1614 sententiam
1884 1572 2059 1627 aliquam
2097 1571 2360 1612 enuntiatam.

95 1651 281 1706 Longior
307 1654 452 1696 deinde
479 1656 610 1696 oratio
637 1654 731 1695 nihil
759 1658 846 1704 est,
873 1653 949 1694 uisi
978 1652 1120 1694 similis
1137 1654 1429 1705 sententiarum
1448 1656 1776 1710 comprehensio,
1803 1668 1856 1696 ac
1885 1655 1919 1695 si
1948 1653 2118 1708 singulis
2146 1653 2359 1694 sententiis

94 1735 257 1776 nomint
281 1736 323 1776 in
349 1749 468 1781 unum
495 1750 640 1777 nomen
666 1737 1073 1789 comprehenduntur.
1117 1735 1182 1776 ·Si
1209 1741 1347 1779 autem
1383 1739 1546 1781 diversa
1572 1739 1639 1781 via
1665 1738 1975 1792 proficiscentes
2004 1751 2031 1776 a
2056 1750 2100 1777 re
2130 1737 2357 1790 composita

94 1818 150 1858 ad
179 1822 321 1870 partes
348 1818 553 1870 venimus,
581 1821 869 1861 minutissimas
896 1832 1053 1874 quoque
1082 1818 1277 1858 orationis
1302 1826 1469 1873 partes,
1505 1827 1549 1864 ut
1575 1822 1667 1876 ipsa
1692 1822 1921 1869 enuntiata,
1958 1820 2049 1873 quin
2079 1820 2201 1859 etiam
2229 1819 2357 1859 verba

91 1913 145 1942 ac
169 1901 498 1952 terminationes,
524 1903 678 1943 similes
705 1917 800 1944 esse
830 1902 1056 1943 sententias
1073 1902 1319 1954 reperimus,
1346 1907 1468 1957 atque
1495 1917 1592 1955 eas,
1619 1917 1786 1958 quarum
1812 1907 1951 1955 partes
1969 1908 2085 1951 sunt,
2115 1907 2356 1941 contractas

91 1984 212 2024 modo
246 1996 298 2024 ac
333 1984 555 2025 breviores.
614 1985 765 2026 Totam
803 1986 925 2037 igitur
958 1984 1189 2025 enuntiandi
1222 1984 1302 2024 vim
1339 1984 1380 2024 in
1409 1985 1694 2026 vocabulorum
1731 1983 2077 2024 terminationibus
2106 1983 2228 2024 sitam
2256 1998 2352 2024 esse

87 2065 295 2117 videmus,
322 2066 464 2120 quibus
489 2068 652 2110 nomina
679 2072 890 2109 transeunt
917 2067 956 2108 in
984 2071 1125 2121 partes
1152 2067 1360 2109 orationis.
1415 2066 1501 2108 Sed
1526 2067 1859 2121 quemadmodum
1885 2064 2257 2116 terminationibus,
2289 2067 2352 2107 sic

89 2147 299 2191 vocabulis
330 2150 536 2203 separatis
572 2151 878 2203 conjunctiones
915 2152 1083 2193 indicari
1112 2154 1305 2203 possunt,
1342 2155 1389 2192 nt
1419 2149 1453 2190 si
1482 2150 1585 2191 duae
1621 2150 1717 2191 illae
1744 2149 1938 2191 enuntiati
1967 2147 2155 2199 alicujus·
2175 2162 2243 2189 res
2271 2148 2350 2201 pri-

46 2227 49 2230 ’
87 2230 250 2274 uriae
277 2244 358 2273 non
390 2232 451 2274 ita
484 2234 799 2287 conjunguntur,
833 2237 878 2277 ut
904 2232 1075 2275 alterius
1108 2246 1253 2275 nomen
1286 2231 1328 2273 in
1362 2231 1527 2274 verbum
1563 2231 1813 2283 immutetur,
1849 2233 1927 2274 sed
1961 2233 2041 2272 hoc
2079 2230 2348 2285 conjungendi

84 2326 251 2356 munere
277 2314 521 2357 vocabulum
548 2317 777 2372 singulare,
805 2317 941 2370 logica
959 2317 1052 2368 illa,
1079 2331 1198 2372 quam
1218 2317 1376 2367 dicunt,
1405 2314 1574 2368 copula,
1601 2315 1767 2356 verbum
1796 2315 2112 2366 substantivum,
2141 2315 2346 2369 fungatur,

86 2400 159 2454 aut
184 2396 220 2437 si
245 2396 300 2437 ad
324 2396 430 2439 alias
456 2378 763 2452 conjunctiones
798 2399 1060 2441 secundarias
1094 2398 1381 2453 significandas
1415 2397 1656 2439 inducuntur
1691 2410 1820 2438 novae
1855 2398 2056 2454 quaedam
2091 2400 2229 2451 partes
2256 2373 2347 2438 ora·

83 2478 228 2530 tionis,
253 2478 623 2533 particulae-illae,
659 2483 1004 2536 praepositiones,
1041 2481 1370 2535 conjunctiones,
1403 2481 1619 2531 adverbia,
1656 2480 1744 2521 sive
1771 2479 1871 2521 solis
1898 2479 2110 2536 particulis
2137 2478 2345 2533 conjungi-

83 2566 172 2612 tur,
205 2563 293 2604 sive
319 2567 378 2611 et,
387 2564 599 2616 particulis
627 2570 669 2606 et
694 2566 1055 2606 terminationibus.
1116 2563 1164 2605 ln
1190 2565 1332 2619 quibus
1355 2565 1568 2619 particulis
1597 2562 1655 2604 ἂν
1680 2577 1838 2619 quoque
1865 2568 1953 2616 est,
1988 2568 2033 2605 et
2058 2549 2346 2605 adnumeratur

83 2645 227 2699 generi
253 2645 412 2692 cuidam
440 2647 728 2701 particularum
756 2648 970 2698 singulari,
998 2649 1049 2687 de
1075 2661 1154 2702 quo
1180 2662 1286 2689 nunc
1313 2662 1497 2701 agamus.

114 2776 120 2781 ο
188 2723 296 2767 Esse
323 2731 521 2783 quaedam
547 2729 769 2780 vocabula,
797 2734 841 2770 ut
868 2730 974 2783 apud
1000 2728 1240 2781 Homerum,
1266 2744 1370 2785 quae
1390 2730 1542 2772 Latine
1568 2743 1649 2772 non
1674 2729 1918 2780 reddantur,
1945 2739 2184 2784 quamquam
2209 2740 2342 2783 neque

84 2808 135 2864 iig
161 2808 269 2860 desit
293 2810 378 2863 vis,
396 2816 440 2870 et
466 2813 680 2865 sentiatur,
706 2811 905 2868 quaesit,
933 2812 1037 2857 satis
1064 2816 1241 2856 constat.
1286 2813 1435 2856 DIcam
1461 2813 1598 2868 igitur,
1626 2826 1700 2856 cur
1724 2812 1882 2866 possint
1907 2809 2133 2865 praeteriri.
2181 2808 2345 2863 Agendi

2451 0 2545 109 Ἴ
